<record><leader>00000cas a22000007a 4500</leader><controlfield tag="001">42360679</controlfield><controlfield tag="008">990913c19979999ctuwx ne      0   a0eng d</controlfield><datafield ind1=" " ind2=" " tag="010"><subfield code="a">sn 99009281 </subfield></datafield><datafield ind1=" " ind2=" " tag="040"><subfield code="a">NSD</subfield><subfield code="b">eng</subfield><subfield code="c">NSD</subfield><subfield code="d">CZL</subfield><subfield code="d">OCLCQ</subfield><subfield code="d">OCLCF</subfield></datafield><datafield ind1=" " ind2=" " tag="012"><subfield code="l">1</subfield><subfield code="m">0</subfield></datafield><datafield ind1="1" ind2=" " tag="022"><subfield code="a">1526-6869</subfield><subfield code="l">1526-6869</subfield><subfield code="2">1</subfield></datafield><datafield ind1="1" ind2=" " tag="029"><subfield code="a">AU@</subfield><subfield code="b">000045059585</subfield></datafield><datafield ind1="1" ind2=" " tag="029"><subfield code="a">NZ1</subfield><subfield code="b">16053070</subfield></datafield><datafield ind1=" " ind2=" " tag="037"><subfield code="b">The Sound, P.O. Box 1154, Madison, CT 06443</subfield><subfield code="c">$18.00</subfield></datafield><datafield ind1=" " ind2=" " tag="042"><subfield code="a">nsdp</subfield><subfield code="a">msc</subfield></datafield><datafield ind1=" " ind2=" " tag="043"><subfield code="a">n-us-ct</subfield></datafield><datafield ind1="0" ind2=" " tag="130"><subfield code="a">Sound (Madison, Conn.)</subfield></datafield><datafield ind1=" " ind2="4" tag="222"><subfield code="a">The sound</subfield><subfield code="b">(Madison, Conn.)</subfield></datafield><datafield ind1="1" ind2="4" tag="245"><subfield code="a">The sound.</subfield></datafield><datafield ind1=" " ind2=" " tag="260"><subfield code="a">Madison, CT :</subfield><subfield code="b">Shore Pub.</subfield></datafield><datafield ind1=" " ind2=" " tag="300"><subfield code="a">v.</subfield></datafield><datafield ind1=" " ind2=" " tag="310"><subfield code="a">Weekly,</subfield><subfield code="b">&lt;May 19, 2005-&gt;</subfield></datafield><datafield ind1=" " ind2=" " tag="321"><subfield code="a">Twenty-six no. a year,</subfield><subfield code="b">&lt;July 6, 1999-&gt;</subfield></datafield><datafield ind1="1" ind2=" " tag="362"><subfield code="a">Began in 1997.</subfield></datafield><datafield ind1=" " ind2=" " tag="588"><subfield code="a">Description based on: Vol. 3, issue 14 (July 6, 1999).</subfield></datafield><datafield ind1=" " ind2=" " tag="588"><subfield code="a">Latest issue consulted: Vol. 13, issue 26 (June 25, 2009).</subfield></datafield><datafield ind1=" " ind2="0" tag="651"><subfield code="a">Branford (Conn.)</subfield><subfield code="v">Newspapers.</subfield></datafield><datafield ind1=" " ind2="0" tag="651"><subfield code="a">North Branford (Conn.)</subfield><subfield code="v">Newspapers.</subfield></datafield><datafield ind1=" " ind2="7" tag="655"><subfield code="a">Newspapers.</subfield><subfield code="2">fast</subfield><subfield code="0">(OCoLC)fst01423814</subfield></datafield><datafield ind1=" " ind2="7" tag="651"><subfield code="a">Connecticut</subfield><subfield code="z">Branford.</subfield><subfield code="2">fast</subfield><subfield code="0">(OCoLC)fst01218391</subfield></datafield><datafield ind1=" " ind2="7" tag="651"><subfield code="a">Connecticut</subfield><subfield code="z">North Branford.</subfield><subfield code="2">fast</subfield><subfield code="0">(OCoLC)fst01214402</subfield></datafield><datafield ind1=" " ind2=" " tag="752"><subfield code="a">United States</subfield><subfield code="b">Connecticut</subfield><subfield code="c">New Haven</subfield><subfield code="d">Madison.</subfield></datafield></record>